@inproceedings{mohammed2016design,
  title={Design and control architecture of a 3D printed modular snake robot},
  author={Mohammed, Ikram Hussain and Gallardo, Nicolas and Benavidez, Patrick and Jamshidi, Mo and Champion, Benjamin},
  booktitle={World Automation Congress (WAC), 2016},
  pages={1--6},
  year={2016},
  organization={IEEE}
}

@article{west2015happens,
  title={What happens if robots take the jobs? The impact of emerging technologies on employment and public policy},
  author={West, Darrell M},
  journal={Centre for Technology Innovation at Brookings, Washington DC},
  year={2015}
}

@book{spong2006robot,
  title={Robot modeling and control},
  author={Spong, Mark W and Hutchinson, Seth and Vidyasagar, Mathukumalli and others},
  volume={3},
  year={2006},
  publisher={Wiley New York}
}

@misc{dynamixel,
  title = {DYNAMIXEL All-in-one Smart Acuator},
  howpublished = {\url{www.robotis.us/dynamixel/}},
  note = {Accessed: 2018-04-23}
}

@misc{dynamixelChart,
  title = {Dynamixel Comparison},
  howpublished = {\url{http://support.robotis.com/en/product/actuator/dynamixel_comparison.htm}},
  note = {Accessed: 2018-04-23}
}

@article{stuckler2012robocup,
  title={Robocup@ home: Demonstrating everyday manipulation skills in robocup@ home},
  author={Stuckler, Jorg and Holz, Dirk and Behnke, Sven},
  journal={IEEE Robotics \& Automation Magazine},
  volume={19},
  number={2},
  pages={34--42},
  year={2012},
  publisher={IEEE}
}

@article{wijayasinghe2016human,
  title={Human--Robot Gesture Analysis for Objective Assessment of Autism Spectrum Disorder},
  author={Wijayasinghe, Indika B and Ranatunga, Isura and Balakrishnan, Namrata and Bugnariu, Nicoleta and Popa, Dan O},
  journal={International Journal of Social Robotics},
  volume={8},
  number={5},
  pages={695--707},
  year={2016},
  publisher={Springer}
}
